<record><leader>00000cas a2200000 a 4500</leader><controlfield tag="001">28296826</controlfield><controlfield tag="008">930618d185218uuiludn ne      0   a0eng c</controlfield><datafield ind1=" " ind2=" " tag="010"><subfield code="a">sn 93055929 </subfield></datafield><datafield ind1=" " ind2=" " tag="040"><subfield code="a">NVF</subfield><subfield code="b">eng</subfield><subfield code="c">NVF</subfield><subfield code="d">OCL</subfield><subfield code="d">CVF</subfield><subfield code="d">NVF</subfield><subfield code="d">OCLCQ</subfield><subfield code="d">OCLCF</subfield><subfield code="d">NVF</subfield><subfield code="d">OCLCO</subfield></datafield><datafield ind1="1" ind2=" " tag="029"><subfield code="a">AU@</subfield><subfield code="b">000020230724</subfield></datafield><datafield ind1=" " ind2=" " tag="042"><subfield code="a">pcc</subfield></datafield><datafield ind1=" " ind2=" " tag="043"><subfield code="a">n-us-il</subfield></datafield><datafield ind1="0" ind2="0" tag="245"><subfield code="a">Galena daily Jeffersonian.</subfield></datafield><datafield ind1="1" ind2=" " tag="246"><subfield code="i">Published as:</subfield><subfield code="a">Daily evening Jeffersonian</subfield><subfield code="f">Oct. 5-&lt;Dec. 29, 1852&gt;</subfield></datafield><datafield ind1="1" ind2="3" tag="246"><subfield code="a">Galena daily evening Jeffersonian</subfield></datafield><datafield ind1="1" ind2="3" tag="246"><subfield code="a">Daily Jeffersonian</subfield></datafield><datafield ind1=" " ind2=" " tag="260"><subfield code="a">Galena, Ill. :</subfield><subfield code="b">Randall, Sanford, &amp; Co.,</subfield><subfield code="c">1852-[18--?]</subfield></datafield><datafield ind1=" " ind2=" " tag="300"><subfield code="a">v.</subfield></datafield><datafield ind1=" " ind2=" " tag="310"><subfield code="a">Daily (except Sunday)</subfield></datafield><datafield ind1="1" ind2=" " tag="362"><subfield code="a">Began in 1852.</subfield></datafield><datafield ind1=" " ind2=" " tag="588"><subfield code="a">Description based on: Volume 6, number 27 (Sept. 2, 1852) = new series number 2.</subfield></datafield><datafield ind1=" " ind2=" " tag="588"><subfield code="a">Latest issue consulted: Aug. 21, 1854.</subfield></datafield><datafield ind1=" " ind2="0" tag="651"><subfield code="a">Galena (Ill.)</subfield><subfield code="v">Newspapers.</subfield></datafield><datafield ind1=" " ind2="7" tag="651"><subfield code="a">Illinois</subfield><subfield code="z">Galena.</subfield><subfield code="2">fast</subfield><subfield code="0">(OCoLC)fst01207075</subfield></datafield><datafield ind1=" " ind2="7" tag="655"><subfield code="a">Newspapers.</subfield><subfield code="2">fast</subfield><subfield code="0">(OCoLC)fst01423814</subfield></datafield><datafield ind1=" " ind2=" " tag="752"><subfield code="a">United States</subfield><subfield code="b">Illinois</subfield><subfield code="c">Jo Daviess</subfield><subfield code="d">Galena.</subfield></datafield><datafield ind1="0" ind2=" " tag="775"><subfield code="t">Galena weekly Jeffersonian</subfield><subfield code="w">(DLC)sn 82014976</subfield><subfield code="w">(OCoLC)8807643</subfield></datafield><datafield ind1="0" ind2=" " tag="775"><subfield code="t">Tri-weekly Jeffersonian</subfield></datafield><datafield ind1="0" ind2="0" tag="780"><subfield code="t">Daily morning Jeffersonian</subfield><subfield code="w">(DLC)sn 93055928</subfield><subfield code="w">(OCoLC)28296753</subfield></datafield></record>